<?xml version="1.0" encoding="UTF-8"?>
<collection xmlns:xsi="http://www.w3.org/2001/XMLSchema-instance" xsi:schemaLocation="http://www.loc.gov/MARC21/slim http://www.loc.gov/standards/marcxml/schema/MARC21slim.xsd" xmlns="http://www.loc.gov/MARC21/slim">
<record>
  <leader>00508cam a2200181 u 4500</leader>
  <controlfield tag="001">646872</controlfield>
  <controlfield tag="003">NNC</controlfield>
  <controlfield tag="005">20100307232907.0</controlfield>
  <controlfield tag="008">880505s1911    ua ||||||||| |||||||ara |</controlfield>
  <datafield tag="035" ind1=" " ind2=" ">
    <subfield code="a">(OCoLC)60601307</subfield>
  </datafield>
  <datafield tag="035" ind1=" " ind2=" ">
    <subfield code="a">(OCoLC)ocm60601307</subfield>
  </datafield>
  <datafield tag="035" ind1=" " ind2=" ">
    <subfield code="a">(CStRLIN)NYCG88-B32457</subfield>
  </datafield>
  <datafield tag="035" ind1=" " ind2=" ">
    <subfield code="9">ACV3895CU</subfield>
  </datafield>
  <datafield tag="035" ind1=" " ind2=" ">
    <subfield code="a">(NNC)646872</subfield>
  </datafield>
  <datafield tag="100" ind1=" " ind2=" ">
    <subfield code="a">ʻIllaysh, Muḥammad ibn Aḥmad,</subfield>
    <subfield code="d">1802-1882.</subfield>
  </datafield>
  <datafield tag="245" ind1="1" ind2="0">
    <subfield code="a">Hall al-maʻqud min nazm al-maqsud.</subfield>
  </datafield>
  <datafield tag="260" ind1=" " ind2=" ">
    <subfield code="a">Misr :</subfield>
    <subfield code="b">Matbaʻat al-Jammaliyah,</subfield>
    <subfield code="c">1329h [1911]</subfield>
  </datafield>
  <datafield tag="300" ind1=" " ind2=" ">
    <subfield code="a">112 p.</subfield>
  </datafield>
  <datafield tag="955" ind1=" " ind2=" ">
    <subfield code="b">CU59575646</subfield>
    <subfield code="d">off,glx</subfield>
    <subfield code="e">ME06543</subfield>
  </datafield>
</record>
</collection>